<?xml version="1.0" encoding="UTF-8" ?>
<collection xmlns:xsi="http://www.w3.org/2001/XMLSchema-instance" xsi:schemaLocation="http://www.loc.gov/MARC21/slim http://www.loc.gov/standards/marcxml/schema/MARC21slim.xsd" xmlns="http://www.loc.gov/MARC21/slim">
   <record>
      <leader>     cam a22      a 4500</leader>
      <controlfield tag="001">7070817</controlfield>
      <controlfield tag="003">NIC</controlfield>
      <controlfield tag="005">20130331104024.0</controlfield>
      <controlfield tag="008">911104s1984    ir h     b    001 0cara d</controlfield>
      <datafield tag="019" ind1=" " ind2=" ">
         <subfield code="a">25400475</subfield>
      </datafield>
      <datafield tag="035" ind1=" " ind2=" ">
         <subfield code="a">7070817</subfield>
      </datafield>
      <datafield tag="035" ind1=" " ind2=" ">
         <subfield code="a">(OCoLC)24939413</subfield>
         <subfield code="z">(OCoLC)25400475</subfield>
      </datafield>
      <datafield tag="040" ind1=" " ind2=" ">
         <subfield code="a">NYP</subfield>
         <subfield code="c">NYP</subfield>
         <subfield code="d">AZU</subfield>
         <subfield code="d">OCL</subfield>
         <subfield code="d">OCLCQ</subfield>
         <subfield code="d">GZM</subfield>
         <subfield code="d">OCLCG</subfield>
         <subfield code="d">OCLCA</subfield>
         <subfield code="d">OCLCG</subfield>
         <subfield code="d">LEILA</subfield>
         <subfield code="d">NIC</subfield>
      </datafield>
      <datafield tag="043" ind1=" " ind2=" ">
         <subfield code="a">a-ba---</subfield>
      </datafield>
      <datafield tag="049" ind1=" " ind2=" ">
         <subfield code="a">COOO</subfield>
      </datafield>
      <datafield tag="050" ind1=" " ind2="4">
         <subfield code="a">BP192.7.B26</subfield>
         <subfield code="b">I27 1983</subfield>
      </datafield>
      <datafield tag="100" ind1="1" ind2=" ">
         <subfield code="a">Ibn ʻAmmār al-Baḥrānī, Sulaymān ibn ʻAbd Allāh,</subfield>
         <subfield code="d">1664 or 1665-1709 or 1710.</subfield>
      </datafield>
      <datafield tag="245" ind1="1" ind2="0">
         <subfield code="a">Fihrist Āl Bābawayh wa-ʻUlamā&apos; al-Baḥrayn /</subfield>
         <subfield code="c">ta&apos;līf Sulaymān al-Māḥuzzī al-Baḥrānī ; taḥqīq Ahmad al-Ḥusaynī ; bi-ihtimām Maḥmūd al-Marʻashi.</subfield>
      </datafield>
      <datafield tag="260" ind1=" " ind2=" ">
         <subfield code="a">Qum :</subfield>
         <subfield code="b">Maktabat Ayat Allāh al-Marʻashī al-ʻĀmmah,</subfield>
         <subfield code="c">1404 [1984 or 1985]</subfield>
      </datafield>
      <datafield tag="300" ind1=" " ind2=" ">
         <subfield code="a">121 p. :</subfield>
         <subfield code="b">facsims. ;</subfield>
         <subfield code="c">25 cm.</subfield>
      </datafield>
      <datafield tag="490" ind1="1" ind2=" ">
         <subfield code="a">Makhṭūṭāt Maktabat Ayat Allāh al-Marʻashī al-ʻĀmmah ;</subfield>
         <subfield code="v">8</subfield>
      </datafield>
      <datafield tag="500" ind1=" " ind2=" ">
         <subfield code="a">In Arabic.</subfield>
      </datafield>
      <datafield tag="504" ind1=" " ind2=" ">
         <subfield code="a">Includes bibliographical references and indexes.</subfield>
      </datafield>
      <datafield tag="650" ind1=" " ind2="0">
         <subfield code="a">Shiites</subfield>
         <subfield code="z">Bahrain</subfield>
         <subfield code="v">Biography</subfield>
         <subfield code="v">Early works to 1800.</subfield>
      </datafield>
      <datafield tag="650" ind1=" " ind2="0">
         <subfield code="a">Ulama</subfield>
         <subfield code="z">Bahrain</subfield>
         <subfield code="v">Biography</subfield>
         <subfield code="v">Early works to 1800.</subfield>
      </datafield>
      <datafield tag="650" ind1=" " ind2="0">
         <subfield code="a">Muslims</subfield>
         <subfield code="z">Bahrain</subfield>
         <subfield code="v">Biography</subfield>
         <subfield code="v">Early works to 1800.</subfield>
      </datafield>
      <datafield tag="650" ind1=" " ind2="0">
         <subfield code="a">Scholars, Muslim</subfield>
         <subfield code="z">Bahrain</subfield>
         <subfield code="v">Biography</subfield>
         <subfield code="v">Early works to 1800.</subfield>
      </datafield>
      <datafield tag="651" ind1=" " ind2="0">
         <subfield code="a">Bahrain</subfield>
         <subfield code="v">Biography</subfield>
         <subfield code="v">Early works to 1800.</subfield>
      </datafield>
      <datafield tag="700" ind1="1" ind2=" ">
         <subfield code="a">Ḥusaynī, Aḥmad,</subfield>
         <subfield code="c">Bik.</subfield>
      </datafield>
      <datafield tag="700" ind1="1" ind2=" ">
         <subfield code="a">Marʻashī, Maḥmūd.</subfield>
      </datafield>
      <datafield tag="830" ind1=" " ind2="0">
         <subfield code="a">Makhṭūṭāt Maktabat Ayat Allāh al-Marʻashī al-ʻĀmmah ;</subfield>
         <subfield code="v">8.</subfield>
      </datafield>
      <datafield tag="938" ind1=" " ind2=" ">
         <subfield code="a">Leila Books</subfield>
         <subfield code="b">LEIL</subfield>
         <subfield code="n">41183</subfield>
      </datafield>
      <datafield tag="948" ind1="0" ind2=" ">
         <subfield code="a">20101109</subfield>
         <subfield code="b">i</subfield>
         <subfield code="d">fl31</subfield>
         <subfield code="e">lts</subfield>
         <subfield code="h">appr</subfield>
      </datafield>
      <datafield tag="948" ind1="1" ind2=" ">
         <subfield code="a">20101111</subfield>
         <subfield code="b">f</subfield>
         <subfield code="d">mc256</subfield>
         <subfield code="e">lts</subfield>
      </datafield>
      <datafield tag="994" ind1=" " ind2=" ">
         <subfield code="a">C0</subfield>
         <subfield code="b">COO</subfield>
      </datafield>
      <datafield tag="903" ind1=" " ind2=" ">
         <subfield code="a">NYUACO</subfield>
         <subfield code="d">20140514</subfield>
         <subfield code="p">31924114866167</subfield>
      </datafield>
      <datafield tag="950" ind1=" " ind2=" ">
         <subfield code="a">BP192.7.B26</subfield>
         <subfield code="b">I27 1983</subfield>
         <subfield code="v"> </subfield>
      </datafield>
   </record>
</collection>
